<record><leader>00000cas a22000007a 4500</leader><controlfield tag="001">10250710</controlfield><controlfield tag="008">831227d19071910ksuir ne      0   a0eng d</controlfield><datafield ind1=" " ind2=" " tag="010"><subfield code="a">sn 83041126 </subfield></datafield><datafield ind1=" " ind2=" " tag="040"><subfield code="a">KSH</subfield><subfield code="b">eng</subfield><subfield code="c">KSH</subfield><subfield code="d">NPT</subfield><subfield code="d">OCLCQ</subfield></datafield><datafield ind1=" " ind2=" " tag="042"><subfield code="a">msc</subfield></datafield><datafield ind1=" " ind2=" " tag="043"><subfield code="a">n-us-ks</subfield></datafield><datafield ind1="0" ind2=" " tag="130"><subfield code="a">Burlington democrat (Burlington, Kan.)</subfield></datafield><datafield ind1="1" ind2="4" tag="245"><subfield code="a">The Burlington democrat.</subfield></datafield><datafield ind1=" " ind2=" " tag="260"><subfield code="a">Burlington, Kan. :</subfield><subfield code="b">Flory &amp; Sons,</subfield><subfield code="c">1907-1910.</subfield></datafield><datafield ind1=" " ind2=" " tag="300"><subfield code="a">7 v. :</subfield><subfield code="b">ill. ;</subfield><subfield code="c">50 cm.</subfield></datafield><datafield ind1=" " ind2=" " tag="310"><subfield code="a">Triweekly,</subfield><subfield code="b">Dec. 30, 1907-June 16, 1910</subfield></datafield><datafield ind1=" " ind2=" " tag="321"><subfield code="a">Weekly,</subfield><subfield code="b">Feb. 20-Dec. 25, 1907</subfield></datafield><datafield ind1="0" ind2=" " tag="362"><subfield code="a">Vol. 32, no. 8 (Feb. 20, 1907)-v. 37, no. 24 (June 16, 1910).</subfield></datafield><datafield ind1=" " ind2=" " tag="752"><subfield code="a">United States</subfield><subfield code="b">Kansas</subfield><subfield code="c">Coffey</subfield><subfield code="d">Burlington.</subfield></datafield><datafield ind1="0" ind2="0" tag="780"><subfield code="t">Burlington democrat and the Burlington independent</subfield><subfield code="w">(DLC)sn 86064055</subfield></datafield><datafield ind1="0" ind2="0" tag="785"><subfield code="t">Independent (Burlington, Kan.)</subfield><subfield code="w">(DLC)sn 83041168</subfield></datafield></record>